<?xml version="1.0" encoding="UTF-8"?><collection xmlns="http://www.loc.gov/MARC21/slim"><record><leader>00355nam--2200121-i-4500</leader><controlfield tag="001">000011441</controlfield><controlfield tag="002">20161230</controlfield><controlfield tag="005">20161230201029</controlfield><controlfield tag="008">060222s1000------------r-----000-0-eng-d</controlfield><datafield ind1=" " ind2=" " tag="245"><subfield code="a">Anwendung von isotopen in der organischen chem ie. messung von radioaktven und stabilen isotopen</subfield></datafield><datafield ind1=" " ind2=" " tag="260"><subfield code="a">Berlin, Springer-verlag, 1974</subfield></datafield><datafield ind1=" " ind2=" " tag="700"><subfield code="a">Simon, H</subfield></datafield><datafield ind1=" " ind2=" " tag="852"><subfield code="a">30370</subfield></datafield></record></collection>